%Introduction
@inproceedings{clarke-emerson-mc,
 author = {Emerson, E. Allen and Clarke, Edmund M.},
 title = {Characterizing Correctness Properties of Parallel Programs Using Fixpoints},
 booktitle = {Proceedings of the 7th Colloquium on Automata, Languages and Programming},
 year = 1980,
 isbn = {3-540-10003-2},
 pages = {169--181},
 numpages = 13,
 url = {http://portal.acm.org/citation.cfm?id=646234.682526},
 acmid = 682526,
 publisher = {Springer-Verlag},
 address = {London, UK},
} 

@phdthesis{mcmillan-smc,
 author = {McMillan, Kenneth L.},
 title = {Symbolic Model Checking: an approach to the state explosion problem},
 year = {1992},
 note = {UMI Order No. GAX92-24209},
 publisher = {Carnegie Mellon University},
 address = {Pittsburgh, PA, USA},
} 

@inproceedings{smc-industry-1,
 author = {Van Den Berg, Lionel and Strooper, Paul and Winter, Kirsten},
 title = {Introducing time in an industrial application of model-checking},
 booktitle = {Proceedings of the 12th international conference on Formal methods for industrial critical systems},
 series = {FMICS'07},
 year = {2008},
 isbn = {3-540-79706-8, 978-3-540-79706-7},
 location = {Berlin, Germany},
 pages = {56--67},
 numpages = {12},
 url = {http://portal.acm.org/citation.cfm?id=1793603.1793611},
 acmid = {1793611},
 publisher = {Springer-Verlag},
 address = {Berlin, Heidelberg},
 keywords = {model checking, railway interlockings, real-time system},
} 
@inproceedings{smc-industry-2,
    author = {Jörg Bormann and Jörg Lohse and Michael Payer and Gerd Venzl},
    title = {Model Checking in Industrial Hardware Design},
    booktitle = {IN PROC. OF THE 32ND DESIGN AUTOMATION CONFERENCE},
    year = {1995},
    pages = {298--303},
    publisher = {ACM Press}
}

@article{time-in-computing,
 author = {Furia, Carlo A. and Mandrioli, Dino and Morzenti, Angelo and Rossi, Matteo},
 title = {Modeling time in computing: A taxonomy and a comparative survey},
 journal = {ACM Comput. Surv.},
 volume = {42},
 issue = {2},
 month = {March},
 year = {2010},
 issn = {0360-0300},
 pages = {6:1--6:59},
 articleno = {6},
 numpages = {59},
 url = {http://doi.acm.org/10.1145/1667062.1667063},
 doi = {http://doi.acm.org/10.1145/1667062.1667063},
 acmid = {1667063},
 publisher = {ACM},
 address = {New York, NY, USA},
 keywords = {Temporal aspects of computing, dynamic systems, time modeling},
} 
@article{kronos,
    author = {Sergio Yovine},
    title = {Kronos: A Verification Tool for Real-Time Systems. (Kronos User's Manual Release 2.2)},
    journal = {International Journal on Software Tools for Technology Transfer},
    year = {1997},
    volume = {1},
    pages = {123--133}
}

%FHWA documents
@TechReport{fhwa:handbook06,
  author = 	 {Robert L. Gordon, Warren Tighe},
  title = 	 {Traffic Control Systems Handbook},
  institution =  {Federal Highway Administration},
  year = 	 {2006},
}
@TechReport{fhwa:timing08,
  author = 	 {Peter Koonce and others},
  title = 	 {Traffic Signal Timing Manual},
  institution =  {Federal Highway Administration},
  year = 	 2008,
}

%Timed automata
@inproceedings{alur-dill,
 author = {Alur, Rajeev and Dill, D. L.},
 title = {Automata for modeling real-time systems},
 booktitle = {Proceedings of the seventeenth international colloquium on Automata, languages and programming},
 year = {1990},
 isbn = {0-387-52826-1},
 location = {Warwick University, England},
 pages = {322--335},
 numpages = {14},
 url = {http://portal.acm.org/citation.cfm?id=90397.90438},
 acmid = {90438},
 publisher = {Springer-Verlag New York, Inc.},
 address = {New York, NY, USA},
} 
@inproceedings{acd:mc,
AUTHOR = "Rajeev Alur and Costas Courcoubetis and David L. Dill",
TITLE = "Model-Checking for Real-Time Systems",
booktitle = "LICS'90",
PAGES = {414-425},
YEAR = {1990}  
}

@inproceedings{am:decision,
author = {Rajeev Alur and P. Madhusudan},
title = {Decision Problems for Timed Automata: A Survey},
booktitle = {School on Formal Methods for the Design of Computer, Communication and Software Systems},
year = {2004},
pages = {1--24},
masid = {1849441}
}
@article{henz-94,
author = "Thomas A. Henzinger and Xavier Nicollin and Joseph Sifakis
                  and Sergio Yovine",
title = "Symbolic Model Checking for Real-Time Systems",
journal = "Inf. Comput.",
pages = {193-244},
year = {1994}  
}
%First version of UPPAAL
@inproceedings{lpw:fct95,
   author = {Kim G.\ Larsen and Paul Pettersson and Wang Yi},
   title = {{Model-Checking for Real-Time Systems}},
   booktitle = {Proc.\ of Fundamentals of Computation Theory},
   series = {Lecture Notes in Computer Science},
   number = {965},
   pages = {62--88},
   key = {fct95},
   year = 1995
}		  

%UPPAAL applications
@inproceedings{lp:prfts97,
  author = 	 {Henrik L\"onn and Paul Pettersson},
  title = 	 {{Formal Verification of a TDMA Protocol Startup Mechanism}},
  booktitle = 	 {Proc.\ of the {\sl Pacific Rim 
                  Int.\ Symp.\ on Fault-Tolerant Systems}},
  pages =        {235--242},
  year = 	 {1997}
}
@inproceedings{lpw:tacas98,
  author = 	 {Magnus Lindahl and Paul Pettersson and Wang Yi},
  title = 	 {{Formal Design and Analysis of a Gear-Box Controller}},
  year = 	 {1998},
  series =       {Lecture Notes in Computer Science},
  booktitle =    {Proc.\ of the 4{\em th} Workshop on Tools and Algorithms 
                  for the Construction and Analysis of Systems},
  pages =        {281--297},
  number =       1384,
  publisher =    { Springer--Verlag }
}
@inproceedings{DBLP:conf/icfem/BordbarO03,
  author    = {Behzad Bordbar and
               Kozo Okano},
  title     = {Verification of Timeliness QoS Properties in Multimedia
               Systems},
  booktitle = {ICFEM},
  year      = {2003},
  pages     = {523-540},
  ee        = {http://dx.doi.org/10.1007/978-3-540-39893-6_30},
  crossref  = {DBLP:conf/icfem/2003},
  bibsource = {DBLP, http://dblp.uni-trier.de}
}
@proceedings{DBLP:conf/icfem/2003,
  editor    = {Jin Song Dong and
               Jim Woodcock},
  title     = {Formal Methods and Software Engineering, 5th International
               Conference on Formal Engineering Methods, ICFEM 2003, Singapore,
               November 5-7, 2003, Proceedings},
  booktitle = {ICFEM},
  publisher = {Springer},
  series    = {Lecture Notes in Computer Science},
  volume    = {2885},
  year      = {2003},
  isbn      = {3-540-20461-X},
  bibsource = {DBLP, http://dblp.uni-trier.de}
}
@inproceedings{Ravn:2011:MVW:1987389.1987431,
 author = {Ravn, Anders P. and Srba, Ji\v{r}\'{\i} and Vighio, Saleem},
 title = {Modelling and verification of web services business activity protocol},
 booktitle = {Proceedings of the 17th international conference on Tools and algorithms for the construction and analysis of systems: part of the joint European conferences on theory and practice of software},
 series = {TACAS'11/ETAPS'11},
 year = {2011},
 isbn = {978-3-642-19834-2},
 location = {Saarbr\&\#252;cken, Germany},
 pages = {357--371},
 numpages = {15},
 url = {http://portal.acm.org/citation.cfm?id=1987389.1987431},
 acmid = {1987431},
 publisher = {Springer-Verlag},
 address = {Berlin, Heidelberg},
} 

@misc{AMETISTfinal,
  author = {AMETIST},
  title = {Final Project Report},
  year = 2007,
  note = {Deliverable from the European project {IST}-2001-35304 Advanced Methods for Timed Systems ({AMETIST})},
  url = {http://www.cs.ru.nl/F.Vaandrager/AMETIST/final.pdf}
}

@InProceedings{by-lncs04,
  author = 	 {Johan Bengtsson and Wang Yi},
  title = 	 {Timed Automata: Semantics, Algorithms and Tools},
  booktitle = 	 {In Lecture Notes on Concurrency and Petri Nets},
  year = 	 2004,
  editor = 	 {W. Reisig and G. Rozenberg},
  series = 	 {Lecture Notes in Computer Science vol 3098},
  publisher =    {Springer--Verlag}
}
@InProceedings{tutorial04,
  author={Gerd Behrmann and Alexandre David and Kim G. Larsen},
  title={A Tutorial on {\sc Uppaal}},
  booktitle={Formal Methods for the Design of Real-Time Systems: 4th 
  International School on Formal Methods for the Design of
  Computer, Communication, and Software Systems, SFM-RT 2004},
  year=2004,
  series={LNCS},
  number=3185,
  pages={200--236},
  publisher={Springer--Verlag}
}


@misc{YAML,
  author = {Oren Ben-Kiki and Clark Evans and Ingy d\"ot Net},
  title = {{YAML} Ain’t Markup Language},
  year = 2009,
  url = {http://www.yaml.org/spec/1.2/spec.html} 
}